@incollection{NIPS2013_5021,
title = {Distributed Representations of Words and Phrases and their Compositionality},
author = {Mikolov, Tomas and Sutskever, Ilya and Chen, Kai and Corrado, Greg S and Dean, Jeff},
booktitle = {Advances in Neural Information Processing Systems 26},
editor = {C.J.C. Burges and L. Bottou and M. Welling and Z. Ghahramani and K.Q. Weinberger},
pages = {3111--3119},
year = {2013},
publisher = {Curran Associates, Inc.},
}
@misc{grufig,title={GRU graphical framework},url={http://blog.ihsgnef.tk/rnn-encoder-decoder/}
}
@article{li2015hierarchical,
    title={A Hierarchical Neural Autoencoder for Paragraphs and Documents},
    author={Li, Jiwei and Luong, Minh-Thang and Jurafsky, Dan},
    journal={arXiv preprint arXiv:1506.01057},
    year={2015}
}
@article{DBLP:journals/corr/LeM14,
  author    = {Quoc V. Le and
               Tomas Mikolov},
  title     = {Distributed Representations of Sentences and Documents},
  journal   = {CoRR},
  volume    = {abs/1405.4053},
  year      = {2014},
  url       = {http://arxiv.org/abs/1405.4053},
  timestamp = {Mon, 02 Jun 2014 08:30:36 +0200},
  biburl    = {http://dblp.uni-trier.de/rec/bib/journals/corr/LeM14},
  bibsource = {dblp computer science bibliography, http://dblp.org}
}
@article{kiros2015skip,
  title={Skip-Thought Vectors},
  author={Kiros, Ryan and Zhu, Yukun and Salakhutdinov, Ruslan and Zemel, Richard S and Torralba, Antonio and Urtasun, Raquel and Fidler, Sanja},
  journal={arXiv preprint arXiv:1506.06726},
  year={2015}
}
@article{zhu2015aligning,
    title={Aligning Books and Movies: Towards Story-like Visual Explanations by Watching Movies and Reading Books},
    author={Zhu, Yukun and Kiros, Ryan and Zemel, Richard and Salakhutdinov, Ruslan and Urtasun, Raquel and Torralba, Antonio and Fidler, Sanja},
    journal={arXiv preprint arXiv:1506.06724},
    year={2015}
}
@article{chung2015gated,
  title={Gated feedback recurrent neural networks},
  author={Chung, Junyoung and Gulcehre, Caglar and Cho, Kyunghyun and Bengio, Yoshua},
  journal={arXiv preprint arXiv:1502.02367},
  year={2015}
}
